@inproceedings{julien,
  author    = {Julien Legriel and
               Colas Le Guernic and
               Scott Cotton and
               Oded Maler},
  title     = {Approximating the {P}areto Front of Multi-criteria Optimization Problems},
  booktitle = {{TACAS}},
  pages     = {69--83},
  year      = {2010}
}

@inproceedings{parametric,
  author    = {Eugene Asarin and
               Alexandre Donz{\'{e}} and
               Oded Maler and
               Dejan Nickovic},
  title     = {Parametric Identification of Temporal Properties},
  booktitle = {RV},
  pages     = {147--160},
  year      = {2011}
}
